<?xml version="1.0" encoding="UTF-8"?><record xmlns="http://www.loc.gov/MARC21/slim" xmlns:cinclude="http://apache.org/cocoon/include/1.0" xmlns:zs="http://www.loc.gov/zing/srw/">
  <leader>00402nz  a2200133n  4500</leader>
  <controlfield tag="001">no 99058912 </controlfield>
  <controlfield tag="003">DLC</controlfield>
  <controlfield tag="005">19990823170753.0</controlfield>
  <controlfield tag="008">990817n| acannaabn          |n aaa     c</controlfield>
  <datafield tag="010" ind1=" " ind2=" ">
    <subfield code="a">no 99058912 </subfield>
  </datafield>
  <datafield tag="035" ind1=" " ind2=" ">
    <subfield code="a">(OCoLC)oca05048164</subfield>
  </datafield>
  <datafield tag="040" ind1=" " ind2=" ">
    <subfield code="a">DJBF</subfield>
    <subfield code="b">eng</subfield>
    <subfield code="c">DJBF</subfield>
  </datafield>
  <datafield tag="100" ind1="1" ind2="0">
    <subfield code="a">Agbeyegbe, Terence D.</subfield>
  </datafield>
  <datafield tag="670" ind1=" " ind2=" ">
    <subfield code="a">Econometric modelling of issues in Caribbean economics and finance, 1998:</subfield>
    <subfield code="b">t.p. (Terence D. Agbeyegbe)</subfield>
  </datafield>
</record>